<?xml version="1.0" encoding="UTF-8"?><collection xmlns="http://www.loc.gov/MARC21/slim"><record><leader>00392nam--2200133-i-4500</leader><controlfield tag="001">000038232</controlfield><controlfield tag="002">20161230</controlfield><controlfield tag="005">20161230201041</controlfield><controlfield tag="008">060222s1000------------r-----000-0-eng-d</controlfield><datafield ind1=" " ind2=" " tag="080"><subfield code="a">621.397(043)</subfield></datafield><datafield ind1=" " ind2=" " tag="100"><subfield code="a">Reimers, Ulrich</subfield></datafield><datafield ind1=" " ind2=" " tag="245"><subfield code="a">Zur auflosung von fernsehkameras mit halbleiter-bildsensoren. dissert</subfield></datafield><datafield ind1=" " ind2=" " tag="260"><subfield code="a">Braunschweig, Univ.Carolo-wilhelmina, 1982, 132p.+ 39 Fig</subfield></datafield><datafield ind1=" " ind2=" " tag="852"><subfield code="a">73839</subfield></datafield></record></collection>